\newcommand{\R}{\ensuremath{\mathbb{R}}}
\newcommand{\norm}[1]{\left\lVert #1 \right\rVert}
\newcommand{\scalar}[2]{\left<#1,#2\right>}
\renewcommand{\phi}{\varphi}
\renewcommand{\le}{\leqslant}
\renewcommand{\ge}{\geqslant}
\renewcommand{\baselinestretch}{2}
\renewcommand{\epsilon}{\varepsilon}

\newtheorem{theorem}{Теорема}

\documentclass[11pt]{article}

\usepackage{floatrow,graphicx,calc}
\DeclareFloatSeparators{mysep}{\hspace{3cm}}

\usepackage[hidelinks, unicode]{hyperref}
\usepackage{cmap}
\usepackage{a4wide}
\usepackage[utf8]{inputenc}
\usepackage[russian]{babel}
\usepackage{graphicx}
\usepackage{amsmath}
\usepackage{amssymb}
\usepackage{vmargin}
\setpapersize{A4}
\setmarginsrb{2.5cm}{2cm}{1.5cm}{2cm}{0pt}{0mm}{0pt}{13mm}
\usepackage{indentfirst}
\sloppy

\begin{document}
	
	\thispagestyle{empty}
	
	\begin{center}
		\ \vspace{-3cm}
		
		{\scshape Московский государственный\\
		Ордена Ленина, Ордена Октябрьской Революции,\\
		Ордена Красного Трудового Знамени\\
		университет имени М.~В.~Ломоносова}\\
		Факультет вычислительной математики и кибернетики\\
		Кафедра системного анализа
		
		%\vfill
		\vspace{1cm}
		\begin{center}
		{\includegraphics[width=6cm]{mgu}}
		\end{center}
		\vspace{1cm}
		
		{\LARGE Отчёт по практикуму на ЭВМ}
		
		\vspace{1cm}
		
		{\Huge\bfseries <<Построение множества достижимости>>}
		\end{center}
		
		\vspace{1cm}
		
		\begin{flushright}
		  \large
		  \textit{Студент 315 группы}\\
		  А.\,А.~Самойлов
		
		  \vspace{5mm}
		
		  \textit{Руководитель практикума}\\
		  к.ф.-м.н., доцент П.\,А.~Точилин
		\end{flushright}
		
		\vspace{5cm}
		
		\begin{center}
		  2021
		\end{center}
		
		\newpage